@misc{MNIST,
  title = {MNIST dataset},
  howpublished = {\url{http://yann.lecun.com/exdb/mnist/}},
  note = {Accessed: 16-02-2015}
}